% RECAST
@article{Cranmer:2010hk,
    author = "Cranmer, Kyle and Yavin, Itay",
    title = "{RECAST: Extending the Impact of Existing Analyses}",
    eprint = "1010.2506",
    archivePrefix = "arXiv",
    primaryClass = "hep-ex",
    doi = "10.1007/JHEP04(2011)038",
    journal = "JHEP",
    volume = "04",
    pages = "038",
    year = "2011",
    note = "\url{https://doi.org/10.1007/JHEP04(2011)038}"
}

% ATLAS pMSSM Run 1
@article{ATLAS:2015wrn,
    author = "{ATLAS Collaboration}",
    title = "{Summary of the ATLAS experiment\textquoteright{}s sensitivity to supersymmetry after LHC Run 1 \textemdash{} interpreted in the phenomenological MSSM}",
    eprint = "1508.06608",
    archivePrefix = "arXiv",
    primaryClass = "hep-ex",
    reportNumber = "CERN-PH-EP-2015-214",
    doi = "10.1007/JHEP10(2015)134",
    journal = "JHEP",
    volume = "10",
    pages = "134",
    year = "2015",
    note = "\url{https://doi.org/10.1007/JHEP10(2015)134}"
}

% REANA, CHEP 2018
@article{Simko:2018zzz,
    author = "\v{S}imko, Tibor and Heinrich, Lukas and Hirvonsalo, Harri and Kousidis, Dinos and Rodr\'\i{}guez, Diego",
    editor = "Forti, A. and Betev, L. and Litmaath, M. and Smirnova, O. and Hristov, P.",
    title = "{REANA: A System for Reusable Research Data Analyses}",
    reportNumber = "CERN-IT-2018-003",
    doi = "10.1051/epjconf/201921406034",
    journal = "EPJ Web Conf.",
    volume = "214",
    pages = "06034",
    year = "2019",
    note = "\url{https://doi.org/10.1051/epjconf/201921406034}"
}

% ATLAS-CONF-2023-055
@article{ATLAS:2023oun,
    author = "{ATLAS Collaboration}",
    title = "{ATLAS Run 2 searches for electroweak production of supersymmetric particles interpreted within the pMSSM}",
    reportNumber = "ATLAS-CONF-2023-055",
    year = "2023",
    url = "https://cds.cern.ch/record/2870222",
    note = "\url{https://cds.cern.ch/record/2870222}"
}
